%YAML 1.1
%TAG !u! tag:unity3d.com,2011:
--- !u!29 &1
OcclusionCullingSettings:
  m_ObjectHideFlags: 0
  serializedVersion: 2
  m_OcclusionBakeSettings:
    smallestOccluder: 5
    smallestHole: 0.25
    backfaceThreshold: 100
  m_SceneGUID: 00000000000000000000000000000000
  m_OcclusionCullingData: {fileID: 0}
--- !u!104 &2
RenderSettings:
  m_ObjectHideFlags: 0
  serializedVersion: 9
  m_Fog: 0
  m_FogColor: {r: 0.5, g: 0.5, b: 0.5, a: 1}
  m_FogMode: 3
  m_FogDensity: 0.01
  m_LinearFogStart: 0
  m_LinearFogEnd: 300
  m_AmbientSkyColor: {r: 0.212, g: 0.227, b: 0.259, a: 1}
  m_AmbientEquatorColor: {r: 0.114, g: 0.125, b: 0.133, a: 1}
  m_AmbientGroundColor: {r: 0.047, g: 0.043, b: 0.035, a: 1}
  m_AmbientIntensity: 1
  m_AmbientMode: 0
  m_SubtractiveShadowColor: {r: 0.42, g: 0.478, b: 0.627, a: 1}
  m_SkyboxMaterial: {fileID: 10304, guid: 0000000000000000f000000000000000, type: 0}
  m_HaloStrength: 0.5
  m_FlareStrength: 1
  m_FlareFadeSpeed: 3
  m_HaloTexture: {fileID: 0}
  m_SpotCookie: {fileID: 10001, guid: 0000000000000000e000000000000000, type: 0}
  m_DefaultReflectionMode: 0
  m_DefaultReflectionResolution: 128
  m_ReflectionBounces: 1
  m_ReflectionIntensity: 1
  m_CustomReflection: {fileID: 0}
  m_Sun: {fileID: 0}
  m_IndirectSpecularColor: {r: 0, g: 0.99999905, b: 0.99999905, a: 1}
  m_UseRadianceAmbientProbe: 0
--- !u!157 &3
LightmapSettings:
  m_ObjectHideFlags: 0
  serializedVersion: 12
  m_GIWorkflowMode: 1
  m_GISettings:
    serializedVersion: 2
    m_BounceScale: 1
    m_IndirectOutputScale: 1
    m_AlbedoBoost: 1
    m_EnvironmentLightingMode: 0
    m_EnableBakedLightmaps: 1
    m_EnableRealtimeLightmaps: 0
  m_LightmapEditorSettings:
    serializedVersion: 12
    m_Resolution: 2
    m_BakeResolution: 40
    m_AtlasSize: 1024
    m_AO: 0
    m_AOMaxDistance: 1
    m_CompAOExponent: 1
    m_CompAOExponentDirect: 0
    m_ExtractAmbientOcclusion: 0
    m_Padding: 2
    m_LightmapParameters: {fileID: 0}
    m_LightmapsBakeMode: 1
    m_TextureCompression: 1
    m_FinalGather: 0
    m_FinalGatherFiltering: 1
    m_FinalGatherRayCount: 256
    m_ReflectionCompression: 2
    m_MixedBakeMode: 2
    m_BakeBackend: 1
    m_PVRSampling: 1
    m_PVRDirectSampleCount: 32
    m_PVRSampleCount: 512
    m_PVRBounces: 2
    m_PVREnvironmentSampleCount: 256
    m_PVREnvironmentReferencePointCount: 2048
    m_PVRFilteringMode: 1
    m_PVRDenoiserTypeDirect: 1
    m_PVRDenoiserTypeIndirect: 1
    m_PVRDenoiserTypeAO: 1
    m_PVRFilterTypeDirect: 0
    m_PVRFilterTypeIndirect: 0
    m_PVRFilterTypeAO: 0
    m_PVREnvironmentMIS: 1
    m_PVRCulling: 1
    m_PVRFilteringGaussRadiusDirect: 1
    m_PVRFilteringGaussRadiusIndirect: 5
    m_PVRFilteringGaussRadiusAO: 2
    m_PVRFilteringAtrousPositionSigmaDirect: 0.5
    m_PVRFilteringAtrousPositionSigmaIndirect: 2
    m_PVRFilteringAtrousPositionSigmaAO: 1
    m_ExportTrainingData: 0
    m_TrainingDataDestination: TrainingData
    m_LightProbeSampleCountMultiplier: 4
  m_LightingDataAsset: {fileID: 0}
  m_LightingSettings: {fileID: 0}
--- !u!196 &4
NavMeshSettings:
  serializedVersion: 2
  m_ObjectHideFlags: 0
  m_BuildSettings:
    serializedVersion: 2
    agentTypeID: 0
    agentRadius: 0.5
    agentHeight: 2
    agentSlope: 45
    agentClimb: 0.4
    ledgeDropHeight: 0
    maxJumpAcrossDistance: 0
    minRegionArea: 2
    manualCellSize: 0
    cellSize: 0.16666667
    manualTileSize: 0
    tileSize: 256
    accuratePlacement: 0
    maxJobWorkers: 0
    preserveTilesOutsideBounds: 0
    debug:
      m_Flags: 0
  m_NavMeshData: {fileID: 0}
--- !u!4 &2217934 stripped
Transform:
  m_CorrespondingSourceObject: {fileID: 423198, guid: ad182cc030f80d2418924040efeaaedb, type: 3}
  m_PrefabInstance: {fileID: 455782906}
  m_PrefabAsset: {fileID: 0}
--- !u!4 &25167298 stripped
Transform:
  m_CorrespondingSourceObject: {fileID: 453832, guid: 6373f7d3f749b254081c2c8c9372face, type: 3}
  m_PrefabInstance: {fileID: 1609849994}
  m_PrefabAsset: {fileID: 0}
--- !u!1 &91518496
GameObject:
  m_ObjectHideFlags: 0
  m_CorrespondingSourceObject: {fileID: 0}
  m_PrefabInstance: {fileID: 0}
  m_PrefabAsset: {fileID: 0}
  serializedVersion: 6
  m_Component:
  - component: {fileID: 91518497}
  - component: {fileID: 91518498}
  - component: {fileID: 91518499}
  - component: {fileID: 91518500}
  m_Layer: 0
  m_Name: Hrac
  m_TagString: Untagged
  m_Icon: {fileID: 0}
  m_NavMeshLayer: 0
  m_StaticEditorFlags: 0
  m_IsActive: 1
--- !u!4 &91518497
Transform:
  m_ObjectHideFlags: 0
  m_CorrespondingSourceObject: {fileID: 0}
  m_PrefabInstance: {fileID: 0}
  m_PrefabAsset: {fileID: 0}
  m_GameObject: {fileID: 91518496}
  m_LocalRotation: {x: 0, y: 0.7071068, z: 0, w: 0.7071068}
  m_LocalPosition: {x: -41.2, y: 0.84, z: 22.9}
  m_LocalScale: {x: 1, y: 1, z: 1}
  m_Children:
  - {fileID: 695738857}
  - {fileID: 549832800}
  - {fileID: 936765122}
  m_Father: {fileID: 0}
  m_RootOrder: 0
  m_LocalEulerAnglesHint: {x: 0, y: 90, z: 0}
--- !u!114 &91518498
MonoBehaviour:
  m_ObjectHideFlags: 0
  m_CorrespondingSourceObject: {fileID: 0}
  m_PrefabInstance: {fileID: 0}
  m_PrefabAsset: {fileID: 0}
  m_GameObject: {fileID: 91518496}
  m_Enabled: 1
  m_EditorHideFlags: 0
  m_Script: {fileID: 11500000, guid: f7ac9211b400c2a43b7b1fc2f9dc6c3e, type: 3}
  m_Name: 
  m_EditorClassIdentifier: 
  Turning: 0
  Acceleration: 0
  CurrentSpeed: 0
  WheelsAngle: 0
  MaxSpeed: 20000
  MaxWheelsAngle: 10
  SlowDownCoef: 0.2
  AccelerationCoef: 1000
  BreakingCoef: 1000
  TurningCoef: 20
  TurningBackCoef: 0.5
  Axles:
  - leftWheel: {fileID: 556799811}
    rightWheel: {fileID: 1108996229}
    leftVisual: {fileID: 0}
    rightVisual: {fileID: 0}
    motor: 1
    steering: 1
  - leftWheel: {fileID: 1030180904}
    rightWheel: {fileID: 1782978510}
    leftVisual: {fileID: 0}
    rightVisual: {fileID: 0}
    motor: 0
    steering: 0
--- !u!114 &91518499
MonoBehaviour:
  m_ObjectHideFlags: 0
  m_CorrespondingSourceObject: {fileID: 0}
  m_PrefabInstance: {fileID: 0}
  m_PrefabAsset: {fileID: 0}
  m_GameObject: {fileID: 91518496}
  m_Enabled: 1
  m_EditorHideFlags: 0
  m_Script: {fileID: 11500000, guid: 62899f850307741f2a39c98a8b639597, type: 3}
  m_Name: 
  m_EditorClassIdentifier: 
  m_Actions: {fileID: -944628639613478452, guid: ff6edacce756be341a09b79fa037e170, type: 3}
  m_NotificationBehavior: 0
  m_UIInputModule: {fileID: 0}
  m_DeviceLostEvent:
    m_PersistentCalls:
      m_Calls: []
  m_DeviceRegainedEvent:
    m_PersistentCalls:
      m_Calls: []
  m_ControlsChangedEvent:
    m_PersistentCalls:
      m_Calls: []
  m_ActionEvents: []
  m_NeverAutoSwitchControlSchemes: 0
  m_DefaultControlScheme: 
  m_DefaultActionMap: Player
  m_SplitScreenIndex: -1
  m_Camera: {fileID: 0}
--- !u!54 &91518500
Rigidbody:
  m_ObjectHideFlags: 0
  m_CorrespondingSourceObject: {fileID: 0}
  m_PrefabInstance: {fileID: 0}
  m_PrefabAsset: {fileID: 0}
  m_GameObject: {fileID: 91518496}
  serializedVersion: 2
  m_Mass: 1000
  m_Drag: 0
  m_AngularDrag: 0.5
  m_UseGravity: 1
  m_IsKinematic: 0
  m_Interpolate: 0
  m_Constraints: 0
  m_CollisionDetection: 0
--- !u!1001 &171970201
PrefabInstance:
  m_ObjectHideFlags: 0
  serializedVersion: 2
  m_Modification:
    m_TransformParent: {fileID: 1606451801}
    m_Modifications:
    - target: {fileID: 184002, guid: b21431263a66fd84ebb8c5a9f3e51709, type: 3}
      propertyPath: m_Name
      value: Freeway S-Curve
      objectReference: {fileID: 0}
    - target: {fileID: 475188, guid: b21431263a66fd84ebb8c5a9f3e51709, type: 3}
      propertyPath: m_RootOrder
      value: 1
      objectReference: {fileID: 0}
    - target: {fileID: 475188, guid: b21431263a66fd84ebb8c5a9f3e51709, type: 3}
      propertyPath: m_LocalPosition.x
      value: -12.809046
      objectReference: {fileID: 0}
    - target: {fileID: 475188, guid: b21431263a66fd84ebb8c5a9f3e51709, type: 3}
      propertyPath: m_LocalPosition.y
      value: 0
      objectReference: {fileID: 0}
    - target: {fileID: 475188, guid: b21431263a66fd84ebb8c5a9f3e51709, type: 3}
      propertyPath: m_LocalPosition.z
      value: 42.269558
      objectReference: {fileID: 0}
    - target: {fileID: 475188, guid: b21431263a66fd84ebb8c5a9f3e51709, type: 3}
      propertyPath: m_LocalRotation.w
      value: 1
      objectReference: {fileID: 0}
    - target: {fileID: 475188, guid: b21431263a66fd84ebb8c5a9f3e51709, type: 3}
      propertyPath: m_LocalRotation.x
      value: -0
      objectReference: {fileID: 0}
    - target: {fileID: 475188, guid: b21431263a66fd84ebb8c5a9f3e51709, type: 3}
      propertyPath: m_LocalRotation.y
      value: -0
      objectReference: {fileID: 0}
    - target: {fileID: 475188, guid: b21431263a66fd84ebb8c5a9f3e51709, type: 3}
      propertyPath: m_LocalRotation.z
      value: -0
      objectReference: {fileID: 0}
    - target: {fileID: 475188, guid: b21431263a66fd84ebb8c5a9f3e51709, type: 3}
      propertyPath: m_LocalEulerAnglesHint.x
      value: 0
      objectReference: {fileID: 0}
    - target: {fileID: 475188, guid: b21431263a66fd84ebb8c5a9f3e51709, type: 3}
      propertyPath: m_LocalEulerAnglesHint.y
      value: 0
      objectReference: {fileID: 0}
    - target: {fileID: 475188, guid: b21431263a66fd84ebb8c5a9f3e51709, type: 3}
      propertyPath: m_LocalEulerAnglesHint.z
      value: 0
      objectReference: {fileID: 0}
    m_RemovedComponents: []
  m_SourcePrefab: {fileID: 100100000, guid: b21431263a66fd84ebb8c5a9f3e51709, type: 3}
--- !u!4 &171970202 stripped
Transform:
  m_CorrespondingSourceObject: {fileID: 475188, guid: b21431263a66fd84ebb8c5a9f3e51709, type: 3}
  m_PrefabInstance: {fileID: 171970201}
  m_PrefabAsset: {fileID: 0}
--- !u!4 &258344543 stripped
Transform:
  m_CorrespondingSourceObject: {fileID: 453832, guid: 6373f7d3f749b254081c2c8c9372face, type: 3}
  m_PrefabInstance: {fileID: 1272506660}
  m_PrefabAsset: {fileID: 0}
--- !u!1 &396245658
GameObject:
  m_ObjectHideFlags: 0
  m_CorrespondingSourceObject: {fileID: 0}
  m_PrefabInstance: {fileID: 0}
  m_PrefabAsset: {fileID: 0}
  serializedVersion: 6
  m_Component:
  - component: {fileID: 396245659}
  m_Layer: 0
  m_Name: draha
  m_TagString: Untagged
  m_Icon: {fileID: 0}
  m_NavMeshLayer: 0
  m_StaticEditorFlags: 0
  m_IsActive: 1
--- !u!4 &396245659
Transform:
  m_ObjectHideFlags: 0
  m_CorrespondingSourceObject: {fileID: 0}
  m_PrefabInstance: {fileID: 0}
  m_PrefabAsset: {fileID: 0}
  m_GameObject: {fileID: 396245658}
  m_LocalRotation: {x: 0, y: 0, z: 0, w: 1}
  m_LocalPosition: {x: 25.709045, y: 0, z: 8.730442}
  m_LocalScale: {x: 1, y: 1, z: 1}
  m_Children:
  - {fileID: 1606451801}
  - {fileID: 1556472835}
  - {fileID: 1332014933}
  - {fileID: 849900667}
  m_Father: {fileID: 0}
  m_RootOrder: 2
  m_LocalEulerAnglesHint: {x: 0, y: 0, z: 0}
--- !u!1001 &455782906
PrefabInstance:
  m_ObjectHideFlags: 0
  serializedVersion: 2
  m_Modification:
    m_TransformParent: {fileID: 1606451801}
    m_Modifications:
    - target: {fileID: 121254, guid: ad182cc030f80d2418924040efeaaedb, type: 3}
      propertyPath: m_Name
      value: Freeway Straight 1 (1)
      objectReference: {fileID: 0}
    - target: {fileID: 423198, guid: ad182cc030f80d2418924040efeaaedb, type: 3}
      propertyPath: m_RootOrder
      value: 0
      objectReference: {fileID: 0}
    - target: {fileID: 423198, guid: ad182cc030f80d2418924040efeaaedb, type: 3}
      propertyPath: m_LocalScale.z
      value: 4.0957747
      objectReference: {fileID: 0}
    - target: {fileID: 423198, guid: ad182cc030f80d2418924040efeaaedb, type: 3}
      propertyPath: m_LocalPosition.x
      value: 0
      objectReference: {fileID: 0}
    - target: {fileID: 423198, guid: ad182cc030f80d2418924040efeaaedb, type: 3}
      propertyPath: m_LocalPosition.y
      value: 0
      objectReference: {fileID: 0}
    - target: {fileID: 423198, guid: ad182cc030f80d2418924040efeaaedb, type: 3}
      propertyPath: m_LocalPosition.z
      value: 0
      objectReference: {fileID: 0}
    - target: {fileID: 423198, guid: ad182cc030f80d2418924040efeaaedb, type: 3}
      propertyPath: m_LocalRotation.w
      value: 0.99942917
      objectReference: {fileID: 0}
    - target: {fileID: 423198, guid: ad182cc030f80d2418924040efeaaedb, type: 3}
      propertyPath: m_LocalRotation.x
      value: -0
      objectReference: {fileID: 0}
    - target: {fileID: 423198, guid: ad182cc030f80d2418924040efeaaedb, type: 3}
      propertyPath: m_LocalRotation.y
      value: 0.033785336
      objectReference: {fileID: 0}
    - target: {fileID: 423198, guid: ad182cc030f80d2418924040efeaaedb, type: 3}
      propertyPath: m_LocalRotation.z
      value: -0
      objectReference: {fileID: 0}
    - target: {fileID: 423198, guid: ad182cc030f80d2418924040efeaaedb, type: 3}
      propertyPath: m_LocalEulerAnglesHint.x
      value: 0
      objectReference: {fileID: 0}
    - target: {fileID: 423198, guid: ad182cc030f80d2418924040efeaaedb, type: 3}
      propertyPath: m_LocalEulerAnglesHint.y
      value: 3.872
      objectReference: {fileID: 0}
    - target: {fileID: 423198, guid: ad182cc030f80d2418924040efeaaedb, type: 3}
      propertyPath: m_LocalEulerAnglesHint.z
      value: 0
      objectReference: {fileID: 0}
    m_RemovedComponents: []
  m_SourcePrefab: {fileID: 100100000, guid: ad182cc030f80d2418924040efeaaedb, type: 3}
--- !u!1001 &460662764
PrefabInstance:
  m_ObjectHideFlags: 0
  serializedVersion: 2
  m_Modification:
    m_TransformParent: {fileID: 936765122}
    m_Modifications:
    - target: {fileID: 813601599891874464, guid: c038c66fe09e44446b2303db99d8e58d, type: 3}
      propertyPath: m_Name
      value: PraveZ
      objectReference: {fileID: 0}
    - target: {fileID: 813601599891874467, guid: c038c66fe09e44446b2303db99d8e58d, type: 3}
      propertyPath: m_RootOrder
      value: 1
      objectReference: {fileID: 0}
    - target: {fileID: 813601599891874467, guid: c038c66fe09e44446b2303db99d8e58d, type: 3}
      propertyPath: m_LocalPosition.x
      value: 0.86
      objectReference: {fileID: 0}
    - target: {fileID: 813601599891874467, guid: c038c66fe09e44446b2303db99d8e58d, type: 3}
      propertyPath: m_LocalPosition.y
      value: -0.277
      objectReference: {fileID: 0}
    - target: {fileID: 813601599891874467, guid: c038c66fe09e44446b2303db99d8e58d, type: 3}
      propertyPath: m_LocalPosition.z
      value: -1.409
      objectReference: {fileID: 0}
    - target: {fileID: 813601599891874467, guid: c038c66fe09e44446b2303db99d8e58d, type: 3}
      propertyPath: m_LocalRotation.w
      value: 1
      objectReference: {fileID: 0}
    - target: {fileID: 813601599891874467, guid: c038c66fe09e44446b2303db99d8e58d, type: 3}
      propertyPath: m_LocalRotation.x
      value: 0
      objectReference: {fileID: 0}
    - target: {fileID: 813601599891874467, guid: c038c66fe09e44446b2303db99d8e58d, type: 3}
      propertyPath: m_LocalRotation.y
      value: 0
      objectReference: {fileID: 0}
    - target: {fileID: 813601599891874467, guid: c038c66fe09e44446b2303db99d8e58d, type: 3}
      propertyPath: m_LocalRotation.z
      value: 0
      objectReference: {fileID: 0}
    - target: {fileID: 813601599891874467, guid: c038c66fe09e44446b2303db99d8e58d, type: 3}
      propertyPath: m_LocalEulerAnglesHint.x
      value: 0
      objectReference: {fileID: 0}
    - target: {fileID: 813601599891874467, guid: c038c66fe09e44446b2303db99d8e58d, type: 3}
      propertyPath: m_LocalEulerAnglesHint.y
      value: 0
      objectReference: {fileID: 0}
    - target: {fileID: 813601599891874467, guid: c038c66fe09e44446b2303db99d8e58d, type: 3}
      propertyPath: m_LocalEulerAnglesHint.z
      value: 0
      objectReference: {fileID: 0}
    m_RemovedComponents: []
  m_SourcePrefab: {fileID: 100100000, guid: c038c66fe09e44446b2303db99d8e58d, type: 3}
--- !u!1 &549832797
GameObject:
  m_ObjectHideFlags: 0
  m_CorrespondingSourceObject: {fileID: 0}
  m_PrefabInstance: {fileID: 0}
  m_PrefabAsset: {fileID: 0}
  serializedVersion: 6
  m_Component:
  - component: {fileID: 549832800}
  - component: {fileID: 549832799}
  - component: {fileID: 549832798}
  m_Layer: 0
  m_Name: Main Camera
  m_TagString: MainCamera
  m_Icon: {fileID: 0}
  m_NavMeshLayer: 0
  m_StaticEditorFlags: 0
  m_IsActive: 1
--- !u!81 &549832798
AudioListener:
  m_ObjectHideFlags: 0
  m_CorrespondingSourceObject: {fileID: 0}
  m_PrefabInstance: {fileID: 0}
  m_PrefabAsset: {fileID: 0}
  m_GameObject: {fileID: 549832797}
  m_Enabled: 1
--- !u!20 &549832799
Camera:
  m_ObjectHideFlags: 0
  m_CorrespondingSourceObject: {fileID: 0}
  m_PrefabInstance: {fileID: 0}
  m_PrefabAsset: {fileID: 0}
  m_GameObject: {fileID: 549832797}
  m_Enabled: 1
  serializedVersion: 2
  m_ClearFlags: 1
  m_BackGroundColor: {r: 0.19215687, g: 0.3019608, b: 0.4745098, a: 0}
  m_projectionMatrixMode: 1
  m_GateFitMode: 2
  m_FOVAxisMode: 0
  m_SensorSize: {x: 36, y: 24}
  m_LensShift: {x: 0, y: 0}
  m_FocalLength: 50
  m_NormalizedViewPortRect:
    serializedVersion: 2
    x: 0
    y: 0
    width: 1
    height: 1
  near clip plane: 0.3
  far clip plane: 1000
  field of view: 60
  orthographic: 0
  orthographic size: 5
  m_Depth: -1
  m_CullingMask:
    serializedVersion: 2
    m_Bits: 4294967295
  m_RenderingPath: -1
  m_TargetTexture: {fileID: 0}
  m_TargetDisplay: 0
  m_TargetEye: 3
  m_HDR: 1
  m_AllowMSAA: 1
  m_AllowDynamicResolution: 0
  m_ForceIntoRT: 0
  m_OcclusionCulling: 1
  m_StereoConvergence: 10
  m_StereoSeparation: 0.022
--- !u!4 &549832800
Transform:
  m_ObjectHideFlags: 0
  m_CorrespondingSourceObject: {fileID: 0}
  m_PrefabInstance: {fileID: 0}
  m_PrefabAsset: {fileID: 0}
  m_GameObject: {fileID: 549832797}
  m_LocalRotation: {x: 0.08715578, y: 0, z: 0, w: 0.9961947}
  m_LocalPosition: {x: -0.03, y: 2.62, z: -6.68}
  m_LocalScale: {x: 1, y: 1, z: 1}
  m_Children: []
  m_Father: {fileID: 91518497}
  m_RootOrder: 1
  m_LocalEulerAnglesHint: {x: 10, y: 0, z: 0}
--- !u!4 &556799810 stripped
Transform:
  m_CorrespondingSourceObject: {fileID: 813601599891874467, guid: c038c66fe09e44446b2303db99d8e58d, type: 3}
  m_PrefabInstance: {fileID: 813601599368639969}
  m_PrefabAsset: {fileID: 0}
--- !u!146 &556799811 stripped
WheelCollider:
  m_CorrespondingSourceObject: {fileID: 813601599891874466, guid: c038c66fe09e44446b2303db99d8e58d, type: 3}
  m_PrefabInstance: {fileID: 813601599368639969}
  m_PrefabAsset: {fileID: 0}
--- !u!4 &588686419 stripped
Transform:
  m_CorrespondingSourceObject: {fileID: 459074, guid: 401d27194e0344948b125cf0483f7637, type: 3}
  m_PrefabInstance: {fileID: 1286261338}
  m_PrefabAsset: {fileID: 0}
--- !u!1001 &594539326
PrefabInstance:
  m_ObjectHideFlags: 0
  serializedVersion: 2
  m_Modification:
    m_TransformParent: {fileID: 1556472835}
    m_Modifications:
    - target: {fileID: 121254, guid: ad182cc030f80d2418924040efeaaedb, type: 3}
      propertyPath: m_Name
      value: Freeway Straight 1
      objectReference: {fileID: 0}
    - target: {fileID: 423198, guid: ad182cc030f80d2418924040efeaaedb, type: 3}
      propertyPath: m_RootOrder
      value: 1
      objectReference: {fileID: 0}
    - target: {fileID: 423198, guid: ad182cc030f80d2418924040efeaaedb, type: 3}
      propertyPath: m_LocalScale.z
      value: 10.146999
      objectReference: {fileID: 0}
    - target: {fileID: 423198, guid: ad182cc030f80d2418924040efeaaedb, type: 3}
      propertyPath: m_LocalPosition.x
      value: -30.727484
      objectReference: {fileID: 0}
    - target: {fileID: 423198, guid: ad182cc030f80d2418924040efeaaedb, type: 3}
      propertyPath: m_LocalPosition.y
      value: -5.1702785
      objectReference: {fileID: 0}
    - target: {fileID: 423198, guid: ad182cc030f80d2418924040efeaaedb, type: 3}
      propertyPath: m_LocalPosition.z
      value: -59.121284
      objectReference: {fileID: 0}
    - target: {fileID: 423198, guid: ad182cc030f80d2418924040efeaaedb, type: 3}
      propertyPath: m_LocalRotation.w
      value: 0.7372774
      objectReference: {fileID: 0}
    - target: {fileID: 423198, guid: ad182cc030f80d2418924040efeaaedb, type: 3}
      propertyPath: m_LocalRotation.x
      value: -0
      objectReference: {fileID: 0}
    - target: {fileID: 423198, guid: ad182cc030f80d2418924040efeaaedb, type: 3}
      propertyPath: m_LocalRotation.y
      value: 0.67559016
      objectReference: {fileID: 0}
    - target: {fileID: 423198, guid: ad182cc030f80d2418924040efeaaedb, type: 3}
      propertyPath: m_LocalRotation.z
      value: -0
      objectReference: {fileID: 0}
    - target: {fileID: 423198, guid: ad182cc030f80d2418924040efeaaedb, type: 3}
      propertyPath: m_LocalEulerAnglesHint.x
      value: 0
      objectReference: {fileID: 0}
    - target: {fileID: 423198, guid: ad182cc030f80d2418924040efeaaedb, type: 3}
      propertyPath: m_LocalEulerAnglesHint.y
      value: 85
      objectReference: {fileID: 0}
    - target: {fileID: 423198, guid: ad182cc030f80d2418924040efeaaedb, type: 3}
      propertyPath: m_LocalEulerAnglesHint.z
      value: 0
      objectReference: {fileID: 0}
    m_RemovedComponents: []
  m_SourcePrefab: {fileID: 100100000, guid: ad182cc030f80d2418924040efeaaedb, type: 3}
--- !u!1001 &665031806
PrefabInstance:
  m_ObjectHideFlags: 0
  serializedVersion: 2
  m_Modification:
    m_TransformParent: {fileID: 849900667}
    m_Modifications:
    - target: {fileID: 121254, guid: ad182cc030f80d2418924040efeaaedb, type: 3}
      propertyPath: m_Name
      value: Freeway Straight 1
      objectReference: {fileID: 0}
    - target: {fileID: 423198, guid: ad182cc030f80d2418924040efeaaedb, type: 3}
      propertyPath: m_RootOrder
      value: 1
      objectReference: {fileID: 0}
    - target: {fileID: 423198, guid: ad182cc030f80d2418924040efeaaedb, type: 3}
      propertyPath: m_LocalScale.z
      value: 7.5752287
      objectReference: {fileID: 0}
    - target: {fileID: 423198, guid: ad182cc030f80d2418924040efeaaedb, type: 3}
      propertyPath: m_LocalPosition.x
      value: -38.5
      objectReference: {fileID: 0}
    - target: {fileID: 423198, guid: ad182cc030f80d2418924040efeaaedb, type: 3}
      propertyPath: m_LocalPosition.y
      value: -5.1702785
      objectReference: {fileID: 0}
    - target: {fileID: 423198, guid: ad182cc030f80d2418924040efeaaedb, type: 3}
      propertyPath: m_LocalPosition.z
      value: -59
      objectReference: {fileID: 0}
    - target: {fileID: 423198, guid: ad182cc030f80d2418924040efeaaedb, type: 3}
      propertyPath: m_LocalRotation.w
      value: 0.7372774
      objectReference: {fileID: 0}
    - target: {fileID: 423198, guid: ad182cc030f80d2418924040efeaaedb, type: 3}
      propertyPath: m_LocalRotation.x
      value: -0
      objectReference: {fileID: 0}
    - target: {fileID: 423198, guid: ad182cc030f80d2418924040efeaaedb, type: 3}
      propertyPath: m_LocalRotation.y
      value: 0.67559016
      objectReference: {fileID: 0}
    - target: {fileID: 423198, guid: ad182cc030f80d2418924040efeaaedb, type: 3}
      propertyPath: m_LocalRotation.z
      value: -0
      objectReference: {fileID: 0}
    - target: {fileID: 423198, guid: ad182cc030f80d2418924040efeaaedb, type: 3}
      propertyPath: m_LocalEulerAnglesHint.x
      value: 0
      objectReference: {fileID: 0}
    - target: {fileID: 423198, guid: ad182cc030f80d2418924040efeaaedb, type: 3}
      propertyPath: m_LocalEulerAnglesHint.y
      value: 85
      objectReference: {fileID: 0}
    - target: {fileID: 423198, guid: ad182cc030f80d2418924040efeaaedb, type: 3}
      propertyPath: m_LocalEulerAnglesHint.z
      value: 0
      objectReference: {fileID: 0}
    m_RemovedComponents: []
  m_SourcePrefab: {fileID: 100100000, guid: ad182cc030f80d2418924040efeaaedb, type: 3}
--- !u!4 &665031807 stripped
Transform:
  m_CorrespondingSourceObject: {fileID: 423198, guid: ad182cc030f80d2418924040efeaaedb, type: 3}
  m_PrefabInstance: {fileID: 665031806}
  m_PrefabAsset: {fileID: 0}
--- !u!1001 &695738855
PrefabInstance:
  m_ObjectHideFlags: 0
  serializedVersion: 2
  m_Modification:
    m_TransformParent: {fileID: 91518497}
    m_Modifications:
    - target: {fileID: 116448, guid: bd428ed7f76466742916f85241c6bf17, type: 3}
      propertyPath: m_Name
      value: Auto
      objectReference: {fileID: 0}
    - target: {fileID: 485172, guid: bd428ed7f76466742916f85241c6bf17, type: 3}
      propertyPath: m_RootOrder
      value: 0
      objectReference: {fileID: 0}
    - target: {fileID: 485172, guid: bd428ed7f76466742916f85241c6bf17, type: 3}
      propertyPath: m_LocalPosition.x
      value: 0
      objectReference: {fileID: 0}
    - target: {fileID: 485172, guid: bd428ed7f76466742916f85241c6bf17, type: 3}
      propertyPath: m_LocalPosition.y
      value: 0
      objectReference: {fileID: 0}
    - target: {fileID: 485172, guid: bd428ed7f76466742916f85241c6bf17, type: 3}
      propertyPath: m_LocalPosition.z
      value: 0
      objectReference: {fileID: 0}
    - target: {fileID: 485172, guid: bd428ed7f76466742916f85241c6bf17, type: 3}
      propertyPath: m_LocalRotation.w
      value: 0.7071068
      objectReference: {fileID: 0}
    - target: {fileID: 485172, guid: bd428ed7f76466742916f85241c6bf17, type: 3}
      propertyPath: m_LocalRotation.x
      value: 0
      objectReference: {fileID: 0}
    - target: {fileID: 485172, guid: bd428ed7f76466742916f85241c6bf17, type: 3}
      propertyPath: m_LocalRotation.y
      value: -0.7071068
      objectReference: {fileID: 0}
    - target: {fileID: 485172, guid: bd428ed7f76466742916f85241c6bf17, type: 3}
      propertyPath: m_LocalRotation.z
      value: 0
      objectReference: {fileID: 0}
    - target: {fileID: 485172, guid: bd428ed7f76466742916f85241c6bf17, type: 3}
      propertyPath: m_LocalEulerAnglesHint.x
      value: 0
      objectReference: {fileID: 0}
    - target: {fileID: 485172, guid: bd428ed7f76466742916f85241c6bf17, type: 3}
      propertyPath: m_LocalEulerAnglesHint.y
      value: -90
      objectReference: {fileID: 0}
    - target: {fileID: 485172, guid: bd428ed7f76466742916f85241c6bf17, type: 3}
      propertyPath: m_LocalEulerAnglesHint.z
      value: 0
      objectReference: {fileID: 0}
    m_RemovedComponents: []
  m_SourcePrefab: {fileID: 100100000, guid: bd428ed7f76466742916f85241c6bf17, type: 3}
--- !u!1 &695738856 stripped
GameObject:
  m_CorrespondingSourceObject: {fileID: 116448, guid: bd428ed7f76466742916f85241c6bf17, type: 3}
  m_PrefabInstance: {fileID: 695738855}
  m_PrefabAsset: {fileID: 0}
--- !u!4 &695738857 stripped
Transform:
  m_CorrespondingSourceObject: {fileID: 485172, guid: bd428ed7f76466742916f85241c6bf17, type: 3}
  m_PrefabInstance: {fileID: 695738855}
  m_PrefabAsset: {fileID: 0}
--- !u!64 &695738861
MeshCollider:
  m_ObjectHideFlags: 0
  m_CorrespondingSourceObject: {fileID: 0}
  m_PrefabInstance: {fileID: 0}
  m_PrefabAsset: {fileID: 0}
  m_GameObject: {fileID: 695738856}
  m_Material: {fileID: 0}
  m_IsTrigger: 0
  m_Enabled: 1
  serializedVersion: 4
  m_Convex: 1
  m_CookingOptions: 30
  m_Mesh: {fileID: 4300000, guid: 5a4f86d32435a4c4ca96a487a3a32b8a, type: 3}
--- !u!1 &792344046
GameObject:
  m_ObjectHideFlags: 0
  m_CorrespondingSourceObject: {fileID: 0}
  m_PrefabInstance: {fileID: 0}
  m_PrefabAsset: {fileID: 0}
  serializedVersion: 6
  m_Component:
  - component: {fileID: 792344050}
  - component: {fileID: 792344049}
  - component: {fileID: 792344048}
  - component: {fileID: 792344047}
  m_Layer: 0
  m_Name: Plane
  m_TagString: Untagged
  m_Icon: {fileID: 0}
  m_NavMeshLayer: 0
  m_StaticEditorFlags: 0
  m_IsActive: 1
--- !u!64 &792344047
MeshCollider:
  m_ObjectHideFlags: 0
  m_CorrespondingSourceObject: {fileID: 0}
  m_PrefabInstance: {fileID: 0}
  m_PrefabAsset: {fileID: 0}
  m_GameObject: {fileID: 792344046}
  m_Material: {fileID: 0}
  m_IsTrigger: 0
  m_Enabled: 1
  serializedVersion: 4
  m_Convex: 0
  m_CookingOptions: 30
  m_Mesh: {fileID: 10209, guid: 0000000000000000e000000000000000, type: 0}
--- !u!23 &792344048
MeshRenderer:
  m_ObjectHideFlags: 0
  m_CorrespondingSourceObject: {fileID: 0}
  m_PrefabInstance: {fileID: 0}
  m_PrefabAsset: {fileID: 0}
  m_GameObject: {fileID: 792344046}
  m_Enabled: 1
  m_CastShadows: 1
  m_ReceiveShadows: 1
  m_DynamicOccludee: 1
  m_MotionVectors: 1
  m_LightProbeUsage: 1
  m_ReflectionProbeUsage: 1
  m_RayTracingMode: 2
  m_RayTraceProcedural: 0
  m_RenderingLayerMask: 1
  m_RendererPriority: 0
  m_Materials:
  - {fileID: 2100000, guid: 9dccf2dcc78efe741b7931e3bb85beaf, type: 2}
  m_StaticBatchInfo:
    firstSubMesh: 0
    subMeshCount: 0
  m_StaticBatchRoot: {fileID: 0}
  m_ProbeAnchor: {fileID: 0}
  m_LightProbeVolumeOverride: {fileID: 0}
  m_ScaleInLightmap: 1
  m_ReceiveGI: 1
  m_PreserveUVs: 0
  m_IgnoreNormalsForChartDetection: 0
  m_ImportantGI: 0
  m_StitchLightmapSeams: 1
  m_SelectedEditorRenderState: 3
  m_MinimumChartSize: 4
  m_AutoUVMaxDistance: 0.5
  m_AutoUVMaxAngle: 89
  m_LightmapParameters: {fileID: 0}
  m_SortingLayerID: 0
  m_SortingLayer: 0
  m_SortingOrder: 0
  m_AdditionalVertexStreams: {fileID: 0}
--- !u!33 &792344049
MeshFilter:
  m_ObjectHideFlags: 0
  m_CorrespondingSourceObject: {fileID: 0}
  m_PrefabInstance: {fileID: 0}
  m_PrefabAsset: {fileID: 0}
  m_GameObject: {fileID: 792344046}
  m_Mesh: {fileID: 10209, guid: 0000000000000000e000000000000000, type: 0}
--- !u!4 &792344050
Transform:
  m_ObjectHideFlags: 0
  m_CorrespondingSourceObject: {fileID: 0}
  m_PrefabInstance: {fileID: 0}
  m_PrefabAsset: {fileID: 0}
  m_GameObject: {fileID: 792344046}
  m_LocalRotation: {x: 0, y: 0, z: 0, w: 1}
  m_LocalPosition: {x: 8.009121, y: -0.01, z: 17.60492}
  m_LocalScale: {x: 100, y: 1, z: 100}
  m_Children: []
  m_Father: {fileID: 0}
  m_RootOrder: 3
  m_LocalEulerAnglesHint: {x: 0, y: 0, z: 0}
--- !u!1 &849900666
GameObject:
  m_ObjectHideFlags: 0
  m_CorrespondingSourceObject: {fileID: 0}
  m_PrefabInstance: {fileID: 0}
  m_PrefabAsset: {fileID: 0}
  serializedVersion: 6
  m_Component:
  - component: {fileID: 849900667}
  m_Layer: 0
  m_Name: zatacka (1)
  m_TagString: Untagged
  m_Icon: {fileID: 0}
  m_NavMeshLayer: 0
  m_StaticEditorFlags: 0
  m_IsActive: 1
--- !u!4 &849900667
Transform:
  m_ObjectHideFlags: 0
  m_CorrespondingSourceObject: {fileID: 0}
  m_PrefabInstance: {fileID: 0}
  m_PrefabAsset: {fileID: 0}
  m_GameObject: {fileID: 849900666}
  m_LocalRotation: {x: -0, y: 1, z: -0, w: 0}
  m_LocalPosition: {x: -0.9090462, y: 5.1702785, z: 14.569557}
  m_LocalScale: {x: 1, y: 1, z: 1}
  m_Children:
  - {fileID: 1238169708}
  - {fileID: 665031807}
  - {fileID: 2039585549}
  - {fileID: 1148103676}
  m_Father: {fileID: 396245659}
  m_RootOrder: 3
  m_LocalEulerAnglesHint: {x: 0, y: 180, z: 0}
--- !u!1 &936765121
GameObject:
  m_ObjectHideFlags: 0
  m_CorrespondingSourceObject: {fileID: 0}
  m_PrefabInstance: {fileID: 0}
  m_PrefabAsset: {fileID: 0}
  serializedVersion: 6
  m_Component:
  - component: {fileID: 936765122}
  m_Layer: 0
  m_Name: Kola
  m_TagString: Untagged
  m_Icon: {fileID: 0}
  m_NavMeshLayer: 0
  m_StaticEditorFlags: 0
  m_IsActive: 1
--- !u!4 &936765122
Transform:
  m_ObjectHideFlags: 0
  m_CorrespondingSourceObject: {fileID: 0}
  m_PrefabInstance: {fileID: 0}
  m_PrefabAsset: {fileID: 0}
  m_GameObject: {fileID: 936765121}
  m_LocalRotation: {x: 0, y: 0, z: 0, w: 1}
  m_LocalPosition: {x: 0, y: 0, z: 0}
  m_LocalScale: {x: 1, y: 1, z: 1}
  m_Children:
  - {fileID: 556799810}
  - {fileID: 1782978511}
  - {fileID: 1108996228}
  - {fileID: 1030180903}
  m_Father: {fileID: 91518497}
  m_RootOrder: 2
  m_LocalEulerAnglesHint: {x: 0, y: 0, z: 0}
--- !u!4 &1030180903 stripped
Transform:
  m_CorrespondingSourceObject: {fileID: 813601599891874467, guid: c038c66fe09e44446b2303db99d8e58d, type: 3}
  m_PrefabInstance: {fileID: 1135784796}
  m_PrefabAsset: {fileID: 0}
--- !u!146 &1030180904 stripped
WheelCollider:
  m_CorrespondingSourceObject: {fileID: 813601599891874466, guid: c038c66fe09e44446b2303db99d8e58d, type: 3}
  m_PrefabInstance: {fileID: 1135784796}
  m_PrefabAsset: {fileID: 0}
--- !u!4 &1108996228 stripped
Transform:
  m_CorrespondingSourceObject: {fileID: 813601599891874467, guid: c038c66fe09e44446b2303db99d8e58d, type: 3}
  m_PrefabInstance: {fileID: 1796441715}
  m_PrefabAsset: {fileID: 0}
--- !u!146 &1108996229 stripped
WheelCollider:
  m_CorrespondingSourceObject: {fileID: 813601599891874466, guid: c038c66fe09e44446b2303db99d8e58d, type: 3}
  m_PrefabInstance: {fileID: 1796441715}
  m_PrefabAsset: {fileID: 0}
--- !u!1001 &1135784796
PrefabInstance:
  m_ObjectHideFlags: 0
  serializedVersion: 2
  m_Modification:
    m_TransformParent: {fileID: 936765122}
    m_Modifications:
    - target: {fileID: 813601599891874464, guid: c038c66fe09e44446b2303db99d8e58d, type: 3}
      propertyPath: m_Name
      value: LeveZ
      objectReference: {fileID: 0}
    - target: {fileID: 813601599891874467, guid: c038c66fe09e44446b2303db99d8e58d, type: 3}
      propertyPath: m_RootOrder
      value: 3
      objectReference: {fileID: 0}
    - target: {fileID: 813601599891874467, guid: c038c66fe09e44446b2303db99d8e58d, type: 3}
      propertyPath: m_LocalPosition.x
      value: -0.91
      objectReference: {fileID: 0}
    - target: {fileID: 813601599891874467, guid: c038c66fe09e44446b2303db99d8e58d, type: 3}
      propertyPath: m_LocalPosition.y
      value: -0.277
      objectReference: {fileID: 0}
    - target: {fileID: 813601599891874467, guid: c038c66fe09e44446b2303db99d8e58d, type: 3}
      propertyPath: m_LocalPosition.z
      value: -1.35
      objectReference: {fileID: 0}
    - target: {fileID: 813601599891874467, guid: c038c66fe09e44446b2303db99d8e58d, type: 3}
      propertyPath: m_LocalRotation.w
      value: 1
      objectReference: {fileID: 0}
    - target: {fileID: 813601599891874467, guid: c038c66fe09e44446b2303db99d8e58d, type: 3}
      propertyPath: m_LocalRotation.x
      value: 0
      objectReference: {fileID: 0}
    - target: {fileID: 813601599891874467, guid: c038c66fe09e44446b2303db99d8e58d, type: 3}
      propertyPath: m_LocalRotation.y
      value: 0
      objectReference: {fileID: 0}
    - target: {fileID: 813601599891874467, guid: c038c66fe09e44446b2303db99d8e58d, type: 3}
      propertyPath: m_LocalRotation.z
      value: 0
      objectReference: {fileID: 0}
    - target: {fileID: 813601599891874467, guid: c038c66fe09e44446b2303db99d8e58d, type: 3}
      propertyPath: m_LocalEulerAnglesHint.x
      value: 0
      objectReference: {fileID: 0}
    - target: {fileID: 813601599891874467, guid: c038c66fe09e44446b2303db99d8e58d, type: 3}
      propertyPath: m_LocalEulerAnglesHint.y
      value: 0
      objectReference: {fileID: 0}
    - target: {fileID: 813601599891874467, guid: c038c66fe09e44446b2303db99d8e58d, type: 3}
      propertyPath: m_LocalEulerAnglesHint.z
      value: 0
      objectReference: {fileID: 0}
    m_RemovedComponents: []
  m_SourcePrefab: {fileID: 100100000, guid: c038c66fe09e44446b2303db99d8e58d, type: 3}
--- !u!1001 &1148103675
PrefabInstance:
  m_ObjectHideFlags: 0
  serializedVersion: 2
  m_Modification:
    m_TransformParent: {fileID: 849900667}
    m_Modifications:
    - target: {fileID: 127220, guid: 6373f7d3f749b254081c2c8c9372face, type: 3}
      propertyPath: m_Name
      value: Freeway Curve 1
      objectReference: {fileID: 0}
    - target: {fileID: 453832, guid: 6373f7d3f749b254081c2c8c9372face, type: 3}
      propertyPath: m_RootOrder
      value: 3
      objectReference: {fileID: 0}
    - target: {fileID: 453832, guid: 6373f7d3f749b254081c2c8c9372face, type: 3}
      propertyPath: m_LocalPosition.x
      value: -40.5
      objectReference: {fileID: 0}
    - target: {fileID: 453832, guid: 6373f7d3f749b254081c2c8c9372face, type: 3}
      propertyPath: m_LocalPosition.y
      value: -5.1702785
      objectReference: {fileID: 0}
    - target: {fileID: 453832, guid: 6373f7d3f749b254081c2c8c9372face, type: 3}
      propertyPath: m_LocalPosition.z
      value: -26.8
      objectReference: {fileID: 0}
    - target: {fileID: 453832, guid: 6373f7d3f749b254081c2c8c9372face, type: 3}
      propertyPath: m_LocalRotation.w
      value: 1
      objectReference: {fileID: 0}
    - target: {fileID: 453832, guid: 6373f7d3f749b254081c2c8c9372face, type: 3}
      propertyPath: m_LocalRotation.x
      value: -0
      objectReference: {fileID: 0}
    - target: {fileID: 453832, guid: 6373f7d3f749b254081c2c8c9372face, type: 3}
      propertyPath: m_LocalRotation.y
      value: -0
      objectReference: {fileID: 0}
    - target: {fileID: 453832, guid: 6373f7d3f749b254081c2c8c9372face, type: 3}
      propertyPath: m_LocalRotation.z
      value: -0
      objectReference: {fileID: 0}
    - target: {fileID: 453832, guid: 6373f7d3f749b254081c2c8c9372face, type: 3}
      propertyPath: m_LocalEulerAnglesHint.x
      value: 0
      objectReference: {fileID: 0}
    - target: {fileID: 453832, guid: 6373f7d3f749b254081c2c8c9372face, type: 3}
      propertyPath: m_LocalEulerAnglesHint.y
      value: 0
      objectReference: {fileID: 0}
    - target: {fileID: 453832, guid: 6373f7d3f749b254081c2c8c9372face, type: 3}
      propertyPath: m_LocalEulerAnglesHint.z
      value: 0
      objectReference: {fileID: 0}
    m_RemovedComponents: []
  m_SourcePrefab: {fileID: 100100000, guid: 6373f7d3f749b254081c2c8c9372face, type: 3}
--- !u!4 &1148103676 stripped
Transform:
  m_CorrespondingSourceObject: {fileID: 453832, guid: 6373f7d3f749b254081c2c8c9372face, type: 3}
  m_PrefabInstance: {fileID: 1148103675}
  m_PrefabAsset: {fileID: 0}
--- !u!1 &1228226721
GameObject:
  m_ObjectHideFlags: 0
  m_CorrespondingSourceObject: {fileID: 0}
  m_PrefabInstance: {fileID: 0}
  m_PrefabAsset: {fileID: 0}
  serializedVersion: 6
  m_Component:
  - component: {fileID: 1228226723}
  - component: {fileID: 1228226722}
  m_Layer: 0
  m_Name: Directional Light
  m_TagString: Untagged
  m_Icon: {fileID: 0}
  m_NavMeshLayer: 0
  m_StaticEditorFlags: 0
  m_IsActive: 1
--- !u!108 &1228226722
Light:
  m_ObjectHideFlags: 0
  m_CorrespondingSourceObject: {fileID: 0}
  m_PrefabInstance: {fileID: 0}
  m_PrefabAsset: {fileID: 0}
  m_GameObject: {fileID: 1228226721}
  m_Enabled: 1
  serializedVersion: 10
  m_Type: 1
  m_Shape: 0
  m_Color: {r: 1, g: 0.95686275, b: 0.8392157, a: 1}
  m_Intensity: 1
  m_Range: 10
  m_SpotAngle: 30
  m_InnerSpotAngle: 21.80208
  m_CookieSize: 10
  m_Shadows:
    m_Type: 2
    m_Resolution: -1
    m_CustomResolution: -1
    m_Strength: 1
    m_Bias: 0.02
    m_NormalBias: 0.1
    m_NearPlane: 0.1
    m_CullingMatrixOverride:
      e00: 1
      e01: 0
      e02: 0
      e03: 0
      e10: 0
      e11: 1
      e12: 0
      e13: 0
      e20: 0
      e21: 0
      e22: 1
      e23: 0
      e30: 0
      e31: 0
      e32: 0
      e33: 1
    m_UseCullingMatrixOverride: 0
  m_Cookie: {fileID: 0}
  m_DrawHalo: 0
  m_Flare: {fileID: 0}
  m_RenderMode: 0
  m_CullingMask:
    serializedVersion: 2
    m_Bits: 4294967295
  m_RenderingLayerMask: 1
  m_Lightmapping: 4
  m_LightShadowCasterMode: 0
  m_AreaSize: {x: 1, y: 1}
  m_BounceIntensity: 1
  m_ColorTemperature: 6570
  m_UseColorTemperature: 0
  m_BoundingSphereOverride: {x: 0, y: 0, z: 0, w: 0}
  m_UseBoundingSphereOverride: 0
  m_UseViewFrustumForShadowCasterCull: 1
  m_ShadowRadius: 0
  m_ShadowAngle: 0
--- !u!4 &1228226723
Transform:
  m_ObjectHideFlags: 0
  m_CorrespondingSourceObject: {fileID: 0}
  m_PrefabInstance: {fileID: 0}
  m_PrefabAsset: {fileID: 0}
  m_GameObject: {fileID: 1228226721}
  m_LocalRotation: {x: 0.40821788, y: -0.23456968, z: 0.10938163, w: 0.8754261}
  m_LocalPosition: {x: 0, y: 10, z: 0}
  m_LocalScale: {x: 1, y: 1, z: 1}
  m_Children: []
  m_Father: {fileID: 0}
  m_RootOrder: 1
  m_LocalEulerAnglesHint: {x: 50, y: -30, z: 0}
--- !u!1001 &1238169707
PrefabInstance:
  m_ObjectHideFlags: 0
  serializedVersion: 2
  m_Modification:
    m_TransformParent: {fileID: 849900667}
    m_Modifications:
    - target: {fileID: 127220, guid: 6373f7d3f749b254081c2c8c9372face, type: 3}
      propertyPath: m_Name
      value: Freeway Curve 1 (1)
      objectReference: {fileID: 0}
    - target: {fileID: 453832, guid: 6373f7d3f749b254081c2c8c9372face, type: 3}
      propertyPath: m_RootOrder
      value: 0
      objectReference: {fileID: 0}
    - target: {fileID: 453832, guid: 6373f7d3f749b254081c2c8c9372face, type: 3}
      propertyPath: m_LocalPosition.x
      value: -55.2
      objectReference: {fileID: 0}
    - target: {fileID: 453832, guid: 6373f7d3f749b254081c2c8c9372face, type: 3}
      propertyPath: m_LocalPosition.y
      value: -5.1702785
      objectReference: {fileID: 0}
    - target: {fileID: 453832, guid: 6373f7d3f749b254081c2c8c9372face, type: 3}
      propertyPath: m_LocalPosition.z
      value: -28.1
      objectReference: {fileID: 0}
    - target: {fileID: 453832, guid: 6373f7d3f749b254081c2c8c9372face, type: 3}
      propertyPath: m_LocalRotation.w
      value: 0.7071068
      objectReference: {fileID: 0}
    - target: {fileID: 453832, guid: 6373f7d3f749b254081c2c8c9372face, type: 3}
      propertyPath: m_LocalRotation.x
      value: -0
      objectReference: {fileID: 0}
    - target: {fileID: 453832, guid: 6373f7d3f749b254081c2c8c9372face, type: 3}
      propertyPath: m_LocalRotation.y
      value: 0.7071068
      objectReference: {fileID: 0}
    - target: {fileID: 453832, guid: 6373f7d3f749b254081c2c8c9372face, type: 3}
      propertyPath: m_LocalRotation.z
      value: -0
      objectReference: {fileID: 0}
    - target: {fileID: 453832, guid: 6373f7d3f749b254081c2c8c9372face, type: 3}
      propertyPath: m_LocalEulerAnglesHint.x
      value: 0
      objectReference: {fileID: 0}
    - target: {fileID: 453832, guid: 6373f7d3f749b254081c2c8c9372face, type: 3}
      propertyPath: m_LocalEulerAnglesHint.y
      value: 90
      objectReference: {fileID: 0}
    - target: {fileID: 453832, guid: 6373f7d3f749b254081c2c8c9372face, type: 3}
      propertyPath: m_LocalEulerAnglesHint.z
      value: 0
      objectReference: {fileID: 0}
    m_RemovedComponents: []
  m_SourcePrefab: {fileID: 100100000, guid: 6373f7d3f749b254081c2c8c9372face, type: 3}
--- !u!4 &1238169708 stripped
Transform:
  m_CorrespondingSourceObject: {fileID: 453832, guid: 6373f7d3f749b254081c2c8c9372face, type: 3}
  m_PrefabInstance: {fileID: 1238169707}
  m_PrefabAsset: {fileID: 0}
--- !u!1001 &1272506660
PrefabInstance:
  m_ObjectHideFlags: 0
  serializedVersion: 2
  m_Modification:
    m_TransformParent: {fileID: 1556472835}
    m_Modifications:
    - target: {fileID: 127220, guid: 6373f7d3f749b254081c2c8c9372face, type: 3}
      propertyPath: m_Name
      value: Freeway Curve 1 (2)
      objectReference: {fileID: 0}
    - target: {fileID: 453832, guid: 6373f7d3f749b254081c2c8c9372face, type: 3}
      propertyPath: m_RootOrder
      value: 2
      objectReference: {fileID: 0}
    - target: {fileID: 453832, guid: 6373f7d3f749b254081c2c8c9372face, type: 3}
      propertyPath: m_LocalPosition.x
      value: -55.747482
      objectReference: {fileID: 0}
    - target: {fileID: 453832, guid: 6373f7d3f749b254081c2c8c9372face, type: 3}
      propertyPath: m_LocalPosition.y
      value: -5.1702785
      objectReference: {fileID: 0}
    - target: {fileID: 453832, guid: 6373f7d3f749b254081c2c8c9372face, type: 3}
      propertyPath: m_LocalPosition.z
      value: -28.961283
      objectReference: {fileID: 0}
    - target: {fileID: 453832, guid: 6373f7d3f749b254081c2c8c9372face, type: 3}
      propertyPath: m_LocalRotation.w
      value: 0
      objectReference: {fileID: 0}
    - target: {fileID: 453832, guid: 6373f7d3f749b254081c2c8c9372face, type: 3}
      propertyPath: m_LocalRotation.x
      value: -0
      objectReference: {fileID: 0}
    - target: {fileID: 453832, guid: 6373f7d3f749b254081c2c8c9372face, type: 3}
      propertyPath: m_LocalRotation.y
      value: 1
      objectReference: {fileID: 0}
    - target: {fileID: 453832, guid: 6373f7d3f749b254081c2c8c9372face, type: 3}
      propertyPath: m_LocalRotation.z
      value: -0
      objectReference: {fileID: 0}
    - target: {fileID: 453832, guid: 6373f7d3f749b254081c2c8c9372face, type: 3}
      propertyPath: m_LocalEulerAnglesHint.x
      value: 0
      objectReference: {fileID: 0}
    - target: {fileID: 453832, guid: 6373f7d3f749b254081c2c8c9372face, type: 3}
      propertyPath: m_LocalEulerAnglesHint.y
      value: 180
      objectReference: {fileID: 0}
    - target: {fileID: 453832, guid: 6373f7d3f749b254081c2c8c9372face, type: 3}
      propertyPath: m_LocalEulerAnglesHint.z
      value: 0
      objectReference: {fileID: 0}
    m_RemovedComponents: []
  m_SourcePrefab: {fileID: 100100000, guid: 6373f7d3f749b254081c2c8c9372face, type: 3}
--- !u!1001 &1286261338
PrefabInstance:
  m_ObjectHideFlags: 0
  serializedVersion: 2
  m_Modification:
    m_TransformParent: {fileID: 1332014933}
    m_Modifications:
    - target: {fileID: 168972, guid: 401d27194e0344948b125cf0483f7637, type: 3}
      propertyPath: m_Name
      value: Freeway Lift Highway (1)
      objectReference: {fileID: 0}
    - target: {fileID: 459074, guid: 401d27194e0344948b125cf0483f7637, type: 3}
      propertyPath: m_RootOrder
      value: 0
      objectReference: {fileID: 0}
    - target: {fileID: 459074, guid: 401d27194e0344948b125cf0483f7637, type: 3}
      propertyPath: m_LocalPosition.x
      value: -55.917484
      objectReference: {fileID: 0}
    - target: {fileID: 459074, guid: 401d27194e0344948b125cf0483f7637, type: 3}
      propertyPath: m_LocalPosition.y
      value: -5.1702785
      objectReference: {fileID: 0}
    - target: {fileID: 459074, guid: 401d27194e0344948b125cf0483f7637, type: 3}
      propertyPath: m_LocalPosition.z
      value: 3.5887184
      objectReference: {fileID: 0}
    - target: {fileID: 459074, guid: 401d27194e0344948b125cf0483f7637, type: 3}
      propertyPath: m_LocalRotation.w
      value: 0
      objectReference: {fileID: 0}
    - target: {fileID: 459074, guid: 401d27194e0344948b125cf0483f7637, type: 3}
      propertyPath: m_LocalRotation.x
      value: -0
      objectReference: {fileID: 0}
    - target: {fileID: 459074, guid: 401d27194e0344948b125cf0483f7637, type: 3}
      propertyPath: m_LocalRotation.y
      value: 1
      objectReference: {fileID: 0}
    - target: {fileID: 459074, guid: 401d27194e0344948b125cf0483f7637, type: 3}
      propertyPath: m_LocalRotation.z
      value: -0
      objectReference: {fileID: 0}
    - target: {fileID: 459074, guid: 401d27194e0344948b125cf0483f7637, type: 3}
      propertyPath: m_LocalEulerAnglesHint.x
      value: 0
      objectReference: {fileID: 0}
    - target: {fileID: 459074, guid: 401d27194e0344948b125cf0483f7637, type: 3}
      propertyPath: m_LocalEulerAnglesHint.y
      value: 180
      objectReference: {fileID: 0}
    - target: {fileID: 459074, guid: 401d27194e0344948b125cf0483f7637, type: 3}
      propertyPath: m_LocalEulerAnglesHint.z
      value: 0
      objectReference: {fileID: 0}
    m_RemovedComponents: []
  m_SourcePrefab: {fileID: 100100000, guid: 401d27194e0344948b125cf0483f7637, type: 3}
--- !u!1 &1332014932
GameObject:
  m_ObjectHideFlags: 0
  m_CorrespondingSourceObject: {fileID: 0}
  m_PrefabInstance: {fileID: 0}
  m_PrefabAsset: {fileID: 0}
  serializedVersion: 6
  m_Component:
  - component: {fileID: 1332014933}
  m_Layer: 0
  m_Name: most
  m_TagString: Untagged
  m_Icon: {fileID: 0}
  m_NavMeshLayer: 0
  m_StaticEditorFlags: 0
  m_IsActive: 1
--- !u!4 &1332014933
Transform:
  m_ObjectHideFlags: 0
  m_CorrespondingSourceObject: {fileID: 0}
  m_PrefabInstance: {fileID: 0}
  m_PrefabAsset: {fileID: 0}
  m_GameObject: {fileID: 1332014932}
  m_LocalRotation: {x: -0, y: -0, z: -0, w: 1}
  m_LocalPosition: {x: -1.0615616, y: 5.1702785, z: 18.53084}
  m_LocalScale: {x: 1, y: 1, z: 1}
  m_Children:
  - {fileID: 588686419}
  - {fileID: 1794778695}
  - {fileID: 2063424279}
  m_Father: {fileID: 396245659}
  m_RootOrder: 2
  m_LocalEulerAnglesHint: {x: 0, y: 0, z: 0}
--- !u!4 &1344333306 stripped
Transform:
  m_CorrespondingSourceObject: {fileID: 453832, guid: 6373f7d3f749b254081c2c8c9372face, type: 3}
  m_PrefabInstance: {fileID: 1500386461}
  m_PrefabAsset: {fileID: 0}
--- !u!1001 &1500386461
PrefabInstance:
  m_ObjectHideFlags: 0
  serializedVersion: 2
  m_Modification:
    m_TransformParent: {fileID: 1556472835}
    m_Modifications:
    - target: {fileID: 127220, guid: 6373f7d3f749b254081c2c8c9372face, type: 3}
      propertyPath: m_Name
      value: Freeway Curve 1 (1)
      objectReference: {fileID: 0}
    - target: {fileID: 453832, guid: 6373f7d3f749b254081c2c8c9372face, type: 3}
      propertyPath: m_RootOrder
      value: 0
      objectReference: {fileID: 0}
    - target: {fileID: 453832, guid: 6373f7d3f749b254081c2c8c9372face, type: 3}
      propertyPath: m_LocalPosition.x
      value: -55.747482
      objectReference: {fileID: 0}
    - target: {fileID: 453832, guid: 6373f7d3f749b254081c2c8c9372face, type: 3}
      propertyPath: m_LocalPosition.y
      value: -5.1702785
      objectReference: {fileID: 0}
    - target: {fileID: 453832, guid: 6373f7d3f749b254081c2c8c9372face, type: 3}
      propertyPath: m_LocalPosition.z
      value: -28.861282
      objectReference: {fileID: 0}
    - target: {fileID: 453832, guid: 6373f7d3f749b254081c2c8c9372face, type: 3}
      propertyPath: m_LocalRotation.w
      value: 0.7071068
      objectReference: {fileID: 0}
    - target: {fileID: 453832, guid: 6373f7d3f749b254081c2c8c9372face, type: 3}
      propertyPath: m_LocalRotation.x
      value: -0
      objectReference: {fileID: 0}
    - target: {fileID: 453832, guid: 6373f7d3f749b254081c2c8c9372face, type: 3}
      propertyPath: m_LocalRotation.y
      value: 0.7071068
      objectReference: {fileID: 0}
    - target: {fileID: 453832, guid: 6373f7d3f749b254081c2c8c9372face, type: 3}
      propertyPath: m_LocalRotation.z
      value: -0
      objectReference: {fileID: 0}
    - target: {fileID: 453832, guid: 6373f7d3f749b254081c2c8c9372face, type: 3}
      propertyPath: m_LocalEulerAnglesHint.x
      value: 0
      objectReference: {fileID: 0}
    - target: {fileID: 453832, guid: 6373f7d3f749b254081c2c8c9372face, type: 3}
      propertyPath: m_LocalEulerAnglesHint.y
      value: 90
      objectReference: {fileID: 0}
    - target: {fileID: 453832, guid: 6373f7d3f749b254081c2c8c9372face, type: 3}
      propertyPath: m_LocalEulerAnglesHint.z
      value: 0
      objectReference: {fileID: 0}
    m_RemovedComponents: []
  m_SourcePrefab: {fileID: 100100000, guid: 6373f7d3f749b254081c2c8c9372face, type: 3}
--- !u!1 &1556472834
GameObject:
  m_ObjectHideFlags: 0
  m_CorrespondingSourceObject: {fileID: 0}
  m_PrefabInstance: {fileID: 0}
  m_PrefabAsset: {fileID: 0}
  serializedVersion: 6
  m_Component:
  - component: {fileID: 1556472835}
  m_Layer: 0
  m_Name: zatacka
  m_TagString: Untagged
  m_Icon: {fileID: 0}
  m_NavMeshLayer: 0
  m_StaticEditorFlags: 0
  m_IsActive: 1
--- !u!4 &1556472835
Transform:
  m_ObjectHideFlags: 0
  m_CorrespondingSourceObject: {fileID: 0}
  m_PrefabInstance: {fileID: 0}
  m_PrefabAsset: {fileID: 0}
  m_GameObject: {fileID: 1556472834}
  m_LocalRotation: {x: -0, y: -0, z: -0, w: 1}
  m_LocalPosition: {x: -1.0615616, y: 5.1702785, z: 18.53084}
  m_LocalScale: {x: 1, y: 1, z: 1}
  m_Children:
  - {fileID: 1344333306}
  - {fileID: 1659102469}
  - {fileID: 258344543}
  - {fileID: 25167298}
  m_Father: {fileID: 396245659}
  m_RootOrder: 1
  m_LocalEulerAnglesHint: {x: 0, y: 0, z: 0}
--- !u!1 &1606451800
GameObject:
  m_ObjectHideFlags: 0
  m_CorrespondingSourceObject: {fileID: 0}
  m_PrefabInstance: {fileID: 0}
  m_PrefabAsset: {fileID: 0}
  serializedVersion: 6
  m_Component:
  - component: {fileID: 1606451801}
  m_Layer: 0
  m_Name: podmost
  m_TagString: Untagged
  m_Icon: {fileID: 0}
  m_NavMeshLayer: 0
  m_StaticEditorFlags: 0
  m_IsActive: 1
--- !u!4 &1606451801
Transform:
  m_ObjectHideFlags: 0
  m_CorrespondingSourceObject: {fileID: 0}
  m_PrefabInstance: {fileID: 0}
  m_PrefabAsset: {fileID: 0}
  m_GameObject: {fileID: 1606451800}
  m_LocalRotation: {x: -0, y: -0, z: -0, w: 1}
  m_LocalPosition: {x: 0, y: 0, z: 0}
  m_LocalScale: {x: 1, y: 1, z: 1}
  m_Children:
  - {fileID: 2217934}
  - {fileID: 171970202}
  m_Father: {fileID: 396245659}
  m_RootOrder: 0
  m_LocalEulerAnglesHint: {x: 0, y: 0, z: 0}
--- !u!1001 &1609849994
PrefabInstance:
  m_ObjectHideFlags: 0
  serializedVersion: 2
  m_Modification:
    m_TransformParent: {fileID: 1556472835}
    m_Modifications:
    - target: {fileID: 127220, guid: 6373f7d3f749b254081c2c8c9372face, type: 3}
      propertyPath: m_Name
      value: Freeway Curve 1
      objectReference: {fileID: 0}
    - target: {fileID: 453832, guid: 6373f7d3f749b254081c2c8c9372face, type: 3}
      propertyPath: m_RootOrder
      value: 3
      objectReference: {fileID: 0}
    - target: {fileID: 453832, guid: 6373f7d3f749b254081c2c8c9372face, type: 3}
      propertyPath: m_LocalPosition.x
      value: -32.04953
      objectReference: {fileID: 0}
    - target: {fileID: 453832, guid: 6373f7d3f749b254081c2c8c9372face, type: 3}
      propertyPath: m_LocalPosition.y
      value: -5.1702785
      objectReference: {fileID: 0}
    - target: {fileID: 453832, guid: 6373f7d3f749b254081c2c8c9372face, type: 3}
      propertyPath: m_LocalPosition.z
      value: -26.726526
      objectReference: {fileID: 0}
    - target: {fileID: 453832, guid: 6373f7d3f749b254081c2c8c9372face, type: 3}
      propertyPath: m_LocalRotation.w
      value: 1
      objectReference: {fileID: 0}
    - target: {fileID: 453832, guid: 6373f7d3f749b254081c2c8c9372face, type: 3}
      propertyPath: m_LocalRotation.x
      value: -0
      objectReference: {fileID: 0}
    - target: {fileID: 453832, guid: 6373f7d3f749b254081c2c8c9372face, type: 3}
      propertyPath: m_LocalRotation.y
      value: -0
      objectReference: {fileID: 0}
    - target: {fileID: 453832, guid: 6373f7d3f749b254081c2c8c9372face, type: 3}
      propertyPath: m_LocalRotation.z
      value: -0
      objectReference: {fileID: 0}
    - target: {fileID: 453832, guid: 6373f7d3f749b254081c2c8c9372face, type: 3}
      propertyPath: m_LocalEulerAnglesHint.x
      value: 0
      objectReference: {fileID: 0}
    - target: {fileID: 453832, guid: 6373f7d3f749b254081c2c8c9372face, type: 3}
      propertyPath: m_LocalEulerAnglesHint.y
      value: 0
      objectReference: {fileID: 0}
    - target: {fileID: 453832, guid: 6373f7d3f749b254081c2c8c9372face, type: 3}
      propertyPath: m_LocalEulerAnglesHint.z
      value: 0
      objectReference: {fileID: 0}
    - target: {fileID: 6440878, guid: 6373f7d3f749b254081c2c8c9372face, type: 3}
      propertyPath: m_Convex
      value: 0
      objectReference: {fileID: 0}
    m_RemovedComponents: []
  m_SourcePrefab: {fileID: 100100000, guid: 6373f7d3f749b254081c2c8c9372face, type: 3}
--- !u!4 &1659102469 stripped
Transform:
  m_CorrespondingSourceObject: {fileID: 423198, guid: ad182cc030f80d2418924040efeaaedb, type: 3}
  m_PrefabInstance: {fileID: 594539326}
  m_PrefabAsset: {fileID: 0}
--- !u!146 &1782978510 stripped
WheelCollider:
  m_CorrespondingSourceObject: {fileID: 813601599891874466, guid: c038c66fe09e44446b2303db99d8e58d, type: 3}
  m_PrefabInstance: {fileID: 460662764}
  m_PrefabAsset: {fileID: 0}
--- !u!4 &1782978511 stripped
Transform:
  m_CorrespondingSourceObject: {fileID: 813601599891874467, guid: c038c66fe09e44446b2303db99d8e58d, type: 3}
  m_PrefabInstance: {fileID: 460662764}
  m_PrefabAsset: {fileID: 0}
--- !u!1001 &1794778694
PrefabInstance:
  m_ObjectHideFlags: 0
  serializedVersion: 2
  m_Modification:
    m_TransformParent: {fileID: 1332014933}
    m_Modifications:
    - target: {fileID: 121254, guid: ad182cc030f80d2418924040efeaaedb, type: 3}
      propertyPath: m_Name
      value: Freeway Straight 1 (2)
      objectReference: {fileID: 0}
    - target: {fileID: 423198, guid: ad182cc030f80d2418924040efeaaedb, type: 3}
      propertyPath: m_RootOrder
      value: 1
      objectReference: {fileID: 0}
    - target: {fileID: 423198, guid: ad182cc030f80d2418924040efeaaedb, type: 3}
      propertyPath: m_LocalScale.z
      value: 20.749603
      objectReference: {fileID: 0}
    - target: {fileID: 423198, guid: ad182cc030f80d2418924040efeaaedb, type: 3}
      propertyPath: m_LocalPosition.x
      value: 25.652515
      objectReference: {fileID: 0}
    - target: {fileID: 423198, guid: ad182cc030f80d2418924040efeaaedb, type: 3}
      propertyPath: m_LocalPosition.y
      value: 2.3
      objectReference: {fileID: 0}
    - target: {fileID: 423198, guid: ad182cc030f80d2418924040efeaaedb, type: 3}
      propertyPath: m_LocalPosition.z
      value: -8.061281
      objectReference: {fileID: 0}
    - target: {fileID: 423198, guid: ad182cc030f80d2418924040efeaaedb, type: 3}
      propertyPath: m_LocalRotation.w
      value: 0.7127189
      objectReference: {fileID: 0}
    - target: {fileID: 423198, guid: ad182cc030f80d2418924040efeaaedb, type: 3}
      propertyPath: m_LocalRotation.x
      value: -0
      objectReference: {fileID: 0}
    - target: {fileID: 423198, guid: ad182cc030f80d2418924040efeaaedb, type: 3}
      propertyPath: m_LocalRotation.y
      value: 0.7014498
      objectReference: {fileID: 0}
    - target: {fileID: 423198, guid: ad182cc030f80d2418924040efeaaedb, type: 3}
      propertyPath: m_LocalRotation.z
      value: -0
      objectReference: {fileID: 0}
    - target: {fileID: 423198, guid: ad182cc030f80d2418924040efeaaedb, type: 3}
      propertyPath: m_LocalEulerAnglesHint.x
      value: 0
      objectReference: {fileID: 0}
    - target: {fileID: 423198, guid: ad182cc030f80d2418924040efeaaedb, type: 3}
      propertyPath: m_LocalEulerAnglesHint.y
      value: 89.087
      objectReference: {fileID: 0}
    - target: {fileID: 423198, guid: ad182cc030f80d2418924040efeaaedb, type: 3}
      propertyPath: m_LocalEulerAnglesHint.z
      value: 0
      objectReference: {fileID: 0}
    m_RemovedComponents: []
  m_SourcePrefab: {fileID: 100100000, guid: ad182cc030f80d2418924040efeaaedb, type: 3}
--- !u!4 &1794778695 stripped
Transform:
  m_CorrespondingSourceObject: {fileID: 423198, guid: ad182cc030f80d2418924040efeaaedb, type: 3}
  m_PrefabInstance: {fileID: 1794778694}
  m_PrefabAsset: {fileID: 0}
--- !u!1001 &1796441715
PrefabInstance:
  m_ObjectHideFlags: 0
  serializedVersion: 2
  m_Modification:
    m_TransformParent: {fileID: 936765122}
    m_Modifications:
    - target: {fileID: 813601599891874464, guid: c038c66fe09e44446b2303db99d8e58d, type: 3}
      propertyPath: m_Name
      value: PraveP
      objectReference: {fileID: 0}
    - target: {fileID: 813601599891874467, guid: c038c66fe09e44446b2303db99d8e58d, type: 3}
      propertyPath: m_RootOrder
      value: 2
      objectReference: {fileID: 0}
    - target: {fileID: 813601599891874467, guid: c038c66fe09e44446b2303db99d8e58d, type: 3}
      propertyPath: m_LocalPosition.x
      value: 0.9
      objectReference: {fileID: 0}
    - target: {fileID: 813601599891874467, guid: c038c66fe09e44446b2303db99d8e58d, type: 3}
      propertyPath: m_LocalPosition.y
      value: -0.277
      objectReference: {fileID: 0}
    - target: {fileID: 813601599891874467, guid: c038c66fe09e44446b2303db99d8e58d, type: 3}
      propertyPath: m_LocalPosition.z
      value: 1.33
      objectReference: {fileID: 0}
    - target: {fileID: 813601599891874467, guid: c038c66fe09e44446b2303db99d8e58d, type: 3}
      propertyPath: m_LocalRotation.w
      value: 1
      objectReference: {fileID: 0}
    - target: {fileID: 813601599891874467, guid: c038c66fe09e44446b2303db99d8e58d, type: 3}
      propertyPath: m_LocalRotation.x
      value: 0
      objectReference: {fileID: 0}
    - target: {fileID: 813601599891874467, guid: c038c66fe09e44446b2303db99d8e58d, type: 3}
      propertyPath: m_LocalRotation.y
      value: 0
      objectReference: {fileID: 0}
    - target: {fileID: 813601599891874467, guid: c038c66fe09e44446b2303db99d8e58d, type: 3}
      propertyPath: m_LocalRotation.z
      value: 0
      objectReference: {fileID: 0}
    - target: {fileID: 813601599891874467, guid: c038c66fe09e44446b2303db99d8e58d, type: 3}
      propertyPath: m_LocalEulerAnglesHint.x
      value: 0
      objectReference: {fileID: 0}
    - target: {fileID: 813601599891874467, guid: c038c66fe09e44446b2303db99d8e58d, type: 3}
      propertyPath: m_LocalEulerAnglesHint.y
      value: 0
      objectReference: {fileID: 0}
    - target: {fileID: 813601599891874467, guid: c038c66fe09e44446b2303db99d8e58d, type: 3}
      propertyPath: m_LocalEulerAnglesHint.z
      value: 0
      objectReference: {fileID: 0}
    m_RemovedComponents: []
  m_SourcePrefab: {fileID: 100100000, guid: c038c66fe09e44446b2303db99d8e58d, type: 3}
--- !u!1001 &2039585548
PrefabInstance:
  m_ObjectHideFlags: 0
  serializedVersion: 2
  m_Modification:
    m_TransformParent: {fileID: 849900667}
    m_Modifications:
    - target: {fileID: 127220, guid: 6373f7d3f749b254081c2c8c9372face, type: 3}
      propertyPath: m_Name
      value: Freeway Curve 1 (2)
      objectReference: {fileID: 0}
    - target: {fileID: 453832, guid: 6373f7d3f749b254081c2c8c9372face, type: 3}
      propertyPath: m_RootOrder
      value: 2
      objectReference: {fileID: 0}
    - target: {fileID: 453832, guid: 6373f7d3f749b254081c2c8c9372face, type: 3}
      propertyPath: m_LocalPosition.x
      value: -55.2
      objectReference: {fileID: 0}
    - target: {fileID: 453832, guid: 6373f7d3f749b254081c2c8c9372face, type: 3}
      propertyPath: m_LocalPosition.y
      value: -5.1702785
      objectReference: {fileID: 0}
    - target: {fileID: 453832, guid: 6373f7d3f749b254081c2c8c9372face, type: 3}
      propertyPath: m_LocalPosition.z
      value: -28.3
      objectReference: {fileID: 0}
    - target: {fileID: 453832, guid: 6373f7d3f749b254081c2c8c9372face, type: 3}
      propertyPath: m_LocalRotation.w
      value: 0
      objectReference: {fileID: 0}
    - target: {fileID: 453832, guid: 6373f7d3f749b254081c2c8c9372face, type: 3}
      propertyPath: m_LocalRotation.x
      value: -0
      objectReference: {fileID: 0}
    - target: {fileID: 453832, guid: 6373f7d3f749b254081c2c8c9372face, type: 3}
      propertyPath: m_LocalRotation.y
      value: 1
      objectReference: {fileID: 0}
    - target: {fileID: 453832, guid: 6373f7d3f749b254081c2c8c9372face, type: 3}
      propertyPath: m_LocalRotation.z
      value: -0
      objectReference: {fileID: 0}
    - target: {fileID: 453832, guid: 6373f7d3f749b254081c2c8c9372face, type: 3}
      propertyPath: m_LocalEulerAnglesHint.x
      value: 0
      objectReference: {fileID: 0}
    - target: {fileID: 453832, guid: 6373f7d3f749b254081c2c8c9372face, type: 3}
      propertyPath: m_LocalEulerAnglesHint.y
      value: 180
      objectReference: {fileID: 0}
    - target: {fileID: 453832, guid: 6373f7d3f749b254081c2c8c9372face, type: 3}
      propertyPath: m_LocalEulerAnglesHint.z
      value: 0
      objectReference: {fileID: 0}
    m_RemovedComponents: []
  m_SourcePrefab: {fileID: 100100000, guid: 6373f7d3f749b254081c2c8c9372face, type: 3}
--- !u!4 &2039585549 stripped
Transform:
  m_CorrespondingSourceObject: {fileID: 453832, guid: 6373f7d3f749b254081c2c8c9372face, type: 3}
  m_PrefabInstance: {fileID: 2039585548}
  m_PrefabAsset: {fileID: 0}
--- !u!1001 &2063424278
PrefabInstance:
  m_ObjectHideFlags: 0
  serializedVersion: 2
  m_Modification:
    m_TransformParent: {fileID: 1332014933}
    m_Modifications:
    - target: {fileID: 168972, guid: 401d27194e0344948b125cf0483f7637, type: 3}
      propertyPath: m_Name
      value: Freeway Lift Highway (2)
      objectReference: {fileID: 0}
    - target: {fileID: 459074, guid: 401d27194e0344948b125cf0483f7637, type: 3}
      propertyPath: m_RootOrder
      value: 2
      objectReference: {fileID: 0}
    - target: {fileID: 459074, guid: 401d27194e0344948b125cf0483f7637, type: 3}
      propertyPath: m_LocalPosition.x
      value: 55.752518
      objectReference: {fileID: 0}
    - target: {fileID: 459074, guid: 401d27194e0344948b125cf0483f7637, type: 3}
      propertyPath: m_LocalPosition.y
      value: -5.1702785
      objectReference: {fileID: 0}
    - target: {fileID: 459074, guid: 401d27194e0344948b125cf0483f7637, type: 3}
      propertyPath: m_LocalPosition.z
      value: -8.161282
      objectReference: {fileID: 0}
    - target: {fileID: 459074, guid: 401d27194e0344948b125cf0483f7637, type: 3}
      propertyPath: m_LocalRotation.w
      value: 1
      objectReference: {fileID: 0}
    - target: {fileID: 459074, guid: 401d27194e0344948b125cf0483f7637, type: 3}
      propertyPath: m_LocalRotation.x
      value: -0
      objectReference: {fileID: 0}
    - target: {fileID: 459074, guid: 401d27194e0344948b125cf0483f7637, type: 3}
      propertyPath: m_LocalRotation.y
      value: -0
      objectReference: {fileID: 0}
    - target: {fileID: 459074, guid: 401d27194e0344948b125cf0483f7637, type: 3}
      propertyPath: m_LocalRotation.z
      value: -0
      objectReference: {fileID: 0}
    - target: {fileID: 459074, guid: 401d27194e0344948b125cf0483f7637, type: 3}
      propertyPath: m_LocalEulerAnglesHint.x
      value: 0
      objectReference: {fileID: 0}
    - target: {fileID: 459074, guid: 401d27194e0344948b125cf0483f7637, type: 3}
      propertyPath: m_LocalEulerAnglesHint.y
      value: 0
      objectReference: {fileID: 0}
    - target: {fileID: 459074, guid: 401d27194e0344948b125cf0483f7637, type: 3}
      propertyPath: m_LocalEulerAnglesHint.z
      value: 0
      objectReference: {fileID: 0}
    m_RemovedComponents: []
  m_SourcePrefab: {fileID: 100100000, guid: 401d27194e0344948b125cf0483f7637, type: 3}
--- !u!4 &2063424279 stripped
Transform:
  m_CorrespondingSourceObject: {fileID: 459074, guid: 401d27194e0344948b125cf0483f7637, type: 3}
  m_PrefabInstance: {fileID: 2063424278}
  m_PrefabAsset: {fileID: 0}
--- !u!1001 &813601599368639969
PrefabInstance:
  m_ObjectHideFlags: 0
  serializedVersion: 2
  m_Modification:
    m_TransformParent: {fileID: 936765122}
    m_Modifications:
    - target: {fileID: 813601599891874464, guid: c038c66fe09e44446b2303db99d8e58d, type: 3}
      propertyPath: m_Name
      value: LeveP
      objectReference: {fileID: 0}
    - target: {fileID: 813601599891874467, guid: c038c66fe09e44446b2303db99d8e58d, type: 3}
      propertyPath: m_RootOrder
      value: 0
      objectReference: {fileID: 0}
    - target: {fileID: 813601599891874467, guid: c038c66fe09e44446b2303db99d8e58d, type: 3}
      propertyPath: m_LocalPosition.x
      value: -0.97
      objectReference: {fileID: 0}
    - target: {fileID: 813601599891874467, guid: c038c66fe09e44446b2303db99d8e58d, type: 3}
      propertyPath: m_LocalPosition.y
      value: -0.277
      objectReference: {fileID: 0}
    - target: {fileID: 813601599891874467, guid: c038c66fe09e44446b2303db99d8e58d, type: 3}
      propertyPath: m_LocalPosition.z
      value: 1.33
      objectReference: {fileID: 0}
    - target: {fileID: 813601599891874467, guid: c038c66fe09e44446b2303db99d8e58d, type: 3}
      propertyPath: m_LocalRotation.w
      value: 1
      objectReference: {fileID: 0}
    - target: {fileID: 813601599891874467, guid: c038c66fe09e44446b2303db99d8e58d, type: 3}
      propertyPath: m_LocalRotation.x
      value: 0
      objectReference: {fileID: 0}
    - target: {fileID: 813601599891874467, guid: c038c66fe09e44446b2303db99d8e58d, type: 3}
      propertyPath: m_LocalRotation.y
      value: 0
      objectReference: {fileID: 0}
    - target: {fileID: 813601599891874467, guid: c038c66fe09e44446b2303db99d8e58d, type: 3}
      propertyPath: m_LocalRotation.z
      value: 0
      objectReference: {fileID: 0}
    - target: {fileID: 813601599891874467, guid: c038c66fe09e44446b2303db99d8e58d, type: 3}
      propertyPath: m_LocalEulerAnglesHint.x
      value: 0
      objectReference: {fileID: 0}
    - target: {fileID: 813601599891874467, guid: c038c66fe09e44446b2303db99d8e58d, type: 3}
      propertyPath: m_LocalEulerAnglesHint.y
      value: 0
      objectReference: {fileID: 0}
    - target: {fileID: 813601599891874467, guid: c038c66fe09e44446b2303db99d8e58d, type: 3}
      propertyPath: m_LocalEulerAnglesHint.z
      value: 0
      objectReference: {fileID: 0}
    m_RemovedComponents: []
  m_SourcePrefab: {fileID: 100100000, guid: c038c66fe09e44446b2303db99d8e58d, type: 3}
